
@ONLINE{els2015refere,
	title = {{EL SISTEMA DE REFERENCIA MUNDIAL LANDSAT-2 (WRS-2)}},
	note = "[Internet; descargado 11-noviembre-2015]",
	howpublished ="\url {http://geoinfoven.blogspot.com/2015/01/el-sistema-de-referencia-mundial_16.html}"
}

@ONLINE{ndvi2015com,
	title = {{NDVI COMO HERRAMIENTA ÚTIL EN LA EVOLUCIÓN DE ECOSISTEMAS}},
	note = "[Internet; descargado 11-noviembre-2015]",
	howpublished ="\url {http://constanzarojasg.blogspot.com/2014/06/ndvi-como-herramienta-util-en-la.html}"
}

@ONLINE{chara2015sate,
	title = {{Teledetecci\'onl}},
	note = "[Internet; descargado 11-noviembre-2015]",
	howpublished ="\url {http://laotraopinion.net/tecnologia/teledeteccion/poder-de-resolucion-espectral/}"
}


@ONLINE{chara2015sate,
	title = {{Characterization of Satellite Remote Sensing Systems}},
	note = "[Internet; descargado 11-noviembre-2015]",
	howpublished ="\url {http://www.satimagingcorp.com/services/resources/characterization-of-satellite-remote-sensing-systems/}"
}

@ONLINE{teledet2015perce,
	title = {{Elementos de percepción remota}},
	note = "[Internet; descargado 11-noviembre-2015]",
	howpublished ="\url {http://www.inegi.org.mx/geo/contenidos/imgpercepcion/imgsatelite/elementos.aspx}"
}

@article{encaptura,
	title={Secuestro de Carbono en el Suelo},
	author={Yusmary Espinoza.}
	year={2006},
	publisher={Instituto Nacional de Investigaciones Agropecuarias - INIA}
}

@article{castillo2003manejo,
	title={Manejo, secuestro de carbono e ingresos de tres especies forestales de sombra en cafetales de tres regiones contrastantes de Costa Rica},
	author={Castillo, Benito Bernardo Dzib},
	year={2003}
}

@ONLINE{ciclot2015carbo,
	title = {{Ciclo del carbono, ¿sabes en qué consiste?}},
	note = "[Internet; descargado 11-noviembre-2015]",
	howpublished ="\url {http://www.guioteca.com/educacion-para-ninos/ciclo-del-carbono-sabes-en-que-consiste/}"
}

@ONLINE{calent2015global,
	title = {{¿QUÉ ES EL CALENTAMIENTO GLOBAL?}},
	note = "[Internet; descargado 11-noviembre-2015]",
	howpublished ="\url {http://ecopolitica.net/que-es-el-calentamiento-global/}"
}

@article{guide1999erdas,
	title={Erdas Inc},
	author={Guide, ERDAS Field},
	journal={Atlanta, Georgia},
	volume={672},
	pages={94},
	year={1999}
}

@article{aldeguer2011geometria,
	title={Geometr{\'\i}a epipolar de un par fotogram{\'e}trico},
	author={Aldeguer Lima, Elena and others},
	year={2011},
	publisher={Universitat Polit{\`e}cnica de Catalunya}
}

@misc{ wikixxx,
	author = "Wikipedia",
	title = "Ciclo del carbono --- Wikipedia{,} La enciclopedia libre",
	year = "2015",
	url = "\url{https://es.wikipedia.org/w/index.php?title=Ciclo_del_carbono&oldid=86007841}",
	note = "[Internet; descargado 28-octubre-2015]"
}

@article{gibbs2007monitoring,
	title={Monitoring and estimating tropical forest carbon stocks: making REDD a reality},
	author={Gibbs, Holly K and Brown, Sandra and Niles, John O and Foley, Jonathan A},
	journal={Environmental Research Letters},
	volume={2},
	number={4},
	pages={045023},
	year={2007},
	publisher={IOP Publishing}
}

@article{marquezestimacion,
	title={Estimaci{\'o}n de carbono arboreo por medio de imagenes del satelite spot en la region de Tlaxco, Tlaxcala/por Jaime M{\'a}rquez D{\'\i}az.},
	author={M{\'a}rquez D{\'\i}az, Jaime}
}

@article{landis1977measurement,
	title={The measurement of observer agreement for categorical data},
	author={Landis, J Richard and Koch, Gary G},
	journal={biometrics},
	pages={159--174},
	year={1977},
	publisher={JSTOR}
}

@article{jensen1981urban,
	title={Urban change detection mapping using Landsat digital data},
	author={Jensen, John R},
	journal={The American Cartographer},
	volume={8},
	number={2},
	pages={127--147},
	year={1981},
	publisher={Taylor \& Francis}
}
@article{foody2002status,
	title={Status of land cover classification accuracy assessment},
	author={Foody, Giles M},
	journal={Remote sensing of environment},
	volume={80},
	number={1},
	pages={185--201},
	year={2002},
	publisher={Elsevier}
}

@article{lovell2001filtering,
	title={Filtering pathfinder AVHRR land NDVI data for Australia},
	author={Lovell, JL and Graetz, RD},
	journal={International Journal of Remote Sensing},
	volume={22},
	number={13},
	pages={2649--2654},
	year={2001},
	publisher={Taylor \& Francis}
}

@misc{mehl1997fundamentos,
	title={Fundamentos del procesamiento digital de im{\'a}genes},
	author={Mehl, Harald and Peinado, Osvaldo},
	journal={en: Aplicaci{\'o}n de la teledetecci{\'o}n y de los sistemas de informaci{\'o}n geogr{\'a}fica en la gesti{\'o}n de recursos naturales},
	pages={63--101},
	year={1997},
	publisher={DSE, Alemania}
}

@article{malpica2002fusion,
	title={Fusi{\'o}n de informaci{\'o}n con la teor{\'\i}a de la evidencia para la extracci{\'o}n de objetos cartogr{\'a}ficos de im{\'a}genes a{\'e}reas.},
	author={Malpica, Jos{\'e} A and Mena, Juan and Pedraza, Javier},
	journal={Actas del Seminario Anual de Autom{\'a}tica, Electr{\'o}nica Industrial e Instrumentaci{\'o}n},
	volume={1},
	pages={511--514},
	year={2002}
}

@article{mateu1999comparacion,
	title={Comparaci{\'o}n y evaluaci{\'o}n de m{\'e}todos de normalizaci{\'o}n radiom{\'e}trica relativa},
	author={Mateu, A and Ruiz, LA},
	journal={Revista de Teledetecci{\'o}n},
	volume={12},
	pages={99--103},
	year={1999}
}

@book{lillesand2014remote,
	title={Remote sensing and image interpretation},
	author={Lillesand, Thomas and Kiefer, Ralph W and Chipman, Jonathan},
	year={2014},
	publisher={John Wiley \& Sons}
}

@ONLINE{teledet2015Combi,
	title = {{COMBINACIONES DE COLORES}},
	year = {2015},
	howpublished ="\url {http://www.teledet.com.uy/tutorial-imagenes-satelitales/combinaciones-colores.htm}"
}

@ONLINE{gl2015Uni,
	title = {{Global Land Cover Facility}},
	year = {2015},
	howpublished ="\url {http://glcf.umd.edu/}"
}

@ONLINE{landsatNasa,
	title = {{Landsat Project Description}},
	year = {2013},
	howpublished ="\url {http://landsat.usgs.gov//about_project_descriptions.php}"
}



@article{rodriguez2010analisis,
	title={An{\'a}lisis de cambios de usos del suelo en la {\guillemotleft}Vega de Granada{\guillemotright}: correcciones radiom{\'e}tricas y evaluaci{\'o}n del cambio Land-cover change analysis in {\guillemotleft}Vega de Granada{\guillemotright}: radiometric corrections},
	author={Rodr{\'\i}guez-Galiano, VF and Garc{\'\i}a-Soldado, MJ and Chica-Olmo, M and Pardo-Ig{\'u}zquiza, E and Rigol-S{\'a}nchez, JP and Chica-Rivas, M},
	journal={Revista de Teledetecci{\'o}n},
	volume={2010},
	number={34},
	pages={5--15},
	year={2010}
}

@article{radke2005image,
	title={Image change detection algorithms: a systematic survey},
	author={Radke, Richard J and Andra, Srinivas and Al-Kofahi, Omar and Roysam, Badrinath},
	journal={Image Processing, IEEE Transactions on},
	volume={14},
	number={3},
	pages={294--307},
	year={2005},
	publisher={IEEE}
}

@article{tung1988determination,
	title={The determination of optimal threshold levels for change detection using various accuracy indexes},
	author={Tung, F and LeDrew, Ellsworth},
	journal={Photogrammetric Engineering and Remote Sensing},
	volume={54},
	number={10},
	pages={1449--1454},
	year={1988},
	publisher={AMER SOC PHOTOGRAMMETRY 5410 GROSVENOR LANE SUITE 210, BETHESDA, MD 20814-2160}
}
@article{estornell2004analisis,
	title={An{\'a}lisis metodol{\'o}gico para la detecci{\'o}n de cambios urbanos en la ciudad de Valencia},
	author={Estornell, J and Ruiz, LA and del Rey, A},
	journal={Revista de Teledetecci{\'o}n},
	volume={22},
	pages={55--56},
	year={2004}
}

@article{chuvieco1998factor,
	title={El factor temporal en teledetecci{\'o}n: evoluci{\'o}n fenomenol{\'o}gica y an{\'a}lisis de cambios},
	author={Chuvieco, E},
	journal={Revista de teledetecci{\'o}n},
	volume={10},
	pages={39--48},
	year={1998}
}

@article{singh1989review,
	title={Review article digital change detection techniques using remotely-sensed data},
	author={Singh, Ashbindu},
	journal={International journal of remote sensing},
	volume={10},
	number={6},
	pages={989--1003},
	year={1989},
	publisher={Taylor \& Francis}
}


@book{deniseCultivos,
	author={Denise Trevisan Troche},
	title={Identificaci\'on de cultivos mediante Im\'agenes Satelitales},
	publisher={Universidad Nacional de Asunci\'on},
	year={2012},
}

@ONLINE{teledUm,
	title = {{Correciones a las imágenes de satélites}},
	note = "[Internet; descargado 11-noviembre-2015]",
	howpublished ="\url {http://www.um.es/geograf/sigmur/teledet/tema07.pdf}"
	}


@article{sader2000estimacion,
	title={Estimaci{\'o}n de la deforestaci{\'o}n en la Reserva de la Biosfera Maya, 1997-1999},
	author={Sader, SA and Martinez, EB and Irwin, DE and Yax, HT},
	journal={Nuevas Perspectivas de Desarrollo Sostenible en Pet{\'e}n. Ed. Guatemala, Guatemala, Facultad Latinoamericana de Ciencias Sociales (FLACSO)},
	pages={321--324},
	year={2000}
}
@article{speranza2005potencialidad,
	title={Potencialidad de los {\'\i}ndices de vegetaci{\'o}n para la discriminaci{\'o}n de coberturas forestales},
	author={Speranza, FC and Zerda, HR},
	journal={Proyecto Picto},
	volume={12931},
	year={2005}
}

@article{acosta2003experiencia,
	title={Experiencia de la tecnolog{\'\i}a de percepci{\'o}n remota para la elaboraci{\'o}n del mosaico de im{\'a}genes de sat{\'e}lite Landsat TM en la selva baja de la Amazon{\'\i}a peruana},
	author={Acosta, Le{\'o}n Benday{\'a}n and V{\'\i}lchez, Jos{\'e} Sanjurjo and Kalliola, Risto and Achung, Fernando Rodr{\'\i}guez},
	journal={Folia Amaz{\'o}nica},
	pages={73},
	year={2003}
}

@inproceedings{sivakumar2004satellite,
	title={Satellite remote sensing and GIS applications in agricultural meteorology},
	author={Sivakumar, MVK and Roy, PS and Harmsen, K and Saha, SK},
	booktitle={Proceedings of the Training Workshop in Dehradun, India. AGM-8, WMO/TD},
	number={1182},
	year={2004}
}
@article{remote2010abdulrahman,
	title={REMOTE SENSING },
	author={Dr. Abdulrahman K. Ali},
	volume={1},
	year={2010},
	publisher={Department of Applied Sciences
	University of Technology}
}

@article{perez2011aplicaciones,
	title={Aplicaciones de la teledetecci{\'o}n y SIG en la caracterizaci{\'o}n de humedales en la reserva de la biosfera de La Mancha h{\'u}meda},
	author={P{\'e}rez Ortega, Mar{\'\i}a},
	year={2011}
}

@article{baker2006mapping,
	title={Mapping wetlands and riparian areas using Landsat ETM+ imagery and decision-tree-based models},
	author={Baker, Corey and Lawrence, Rick and Montagne, Clifford and Patten, Duncan},
	journal={Wetlands},
	volume={26},
	number={2},
	pages={465--474},
	year={2006},
	publisher={Springer}
}

@book{salinero2002teledeteccion,
	title={Teledetecci{\'o}n Ambiental: La observaci{\'o}n de la Tierra desde el Espacio},
	author={Salinero, Emilio Chuvieco},
	year={2002}
}


@book{libro2012Tsuyuki,
	title={Sensoramiento y tipos de sensores selecci\'on de datos de sat\'elite},
	author={Satoshi Tsuyuki},
	pages={157},
	year={2012},
	publisher={Reducing Emissions from Deforestation and
	forest Degradation and the Role of Conservation,
	Sustainable Management of Forests and Enhancement}
}



@article{asner2005selective,
	title={Selective logging in the Brazilian Amazon},
	author={Asner, Gregory P and Knapp, David E and Broadbent, Eben N and Oliveira, Paulo JC and Keller, Michael and Silva, Jose N},
	journal={Science},
	volume={310},
	number={5747},
	pages={480--482},
	year={2005},
	publisher={American Association for the Advancement of Science}
}

@book{angelsen2008moving,
	title={Moving ahead with REDD: issues, options and implications},
	author={Angelsen, Arild and others},
	year={2008},
	publisher={Cifor}
}


@article{fao2003revista,
	title={Revista internacional de silvicultura e industrias Forestales},
	journal={Organización de las Naciones Unidas para la Agricultura y la Alimentación},
	volume={54},
	year={2003},
}

@article{cecilia2010Proyecto,
	title={Proyecto de evaluaci\'on de Flujos de Inversi\'on y Financieros para la mitigaci\'on al cambio Clim\'atico en Paraguay},
	author={Cecilia Pizzurno},
	year={2010},
	volume={54},
	publisher={undpcc}
}

@article{francis2000estimating,
	title={Estimating biomass and carbon content of saplings in Puerto Rican secondary forests},
	author={Francis, JOHN K and others},
	journal={Caribbean Journal of Science},
	volume={36},
	number={3/4},
	pages={346--349},
	year={2000},
	publisher={UNIVERSITY OF PUERTO RICO}
}
@article{slijepcevic2001loss,
	title={Loss of carbon during controlled regeneration burns in Eucalyptus obliqua forest},
	author={Slijepcevic, A},
	journal={TASFORESTS-HOBART-},
	volume={13},
	number={2},
	pages={281--290},
	year={2001},
	publisher={FORESTRY TASMANIA}
}
@article{pinaestimacion,
	title={ESTIMACI{\'O}N DEL CONTENIDO Y CAPTURA DE CARBONO EN ZONAS SEMI{\'A}RIDAS MICROCUENCA “EL CARMEN”, GTO.},
	author={Pi{\~n}a, Biol Rocio Becerril and Sosa, Enrique Gonz{\'a}lez}
}

@article{lu2005exploring,
	title={Exploring TM image texture and its relationships with biomass estimation in Rond{\^o}nia, Brazilian Amazon},
	author={Lu, Dengsheng and Batistella, Mateus},
	journal={Acta Amazonica},
	volume={35},
	number={2},
	pages={249--257},
	year={2005},
	publisher={SciELO Brasil}
}

@article{schlegel2000manual,
	title={Manual de procedimientos para muestreos de biomasa forestal},
	author={Schlegel, Bastienne and Gayoso, Jorge and Guerra, Javier},
	journal={Universidad Austral de Chile},
	year={2000}
}

@phdthesis{garciduenas1987produccion,
	title={Producci{\'o}n de biomasa y acumulaci{\'o}n de nutrientes en un rodal de Pinus montezumae Lamb},
	author={Garcidue{\~n}as Mart{\'\i}nez, Apolo Rolando and Keyes, R and Michael, Mart{\'\i}nez Menez and Mario, R and Lara, Zarate and Guillermo, P and Colegio de Postgraduados, Campus Montecillo,; Programa Forestal.},
	year={1987},
	school={Tesis de Maestr{\'\i}a. Colegio de Postgraduados, Montecillos, M{\'e}xico}
}

@article{salinas2008guia,
	title={Gu{\'\i}a para el dise{\~n}o de proyectos MDL forestales y de bioenerg{\'\i}a},
	author={Salinas, Zenia and Hern{\'a}ndez, Paulo},
	year={2008},
	publisher={CATIE, Turrialba (Costa Rica)}
} 
 
 
 @book{almando2014estimacion,
 	author={Kris Vanessa Almando Dure},
 	title={Estimaci\'on de carbono almacenado en el Parque Nacional Defensores del Chaco seg\'un formaci\'on vegetal mediante im\'agenes satelitales, a\~{n}o 2014},
 	publisher={Universidad Nacional de Asunci\'on},
 	year={2014},
 }
 
 

@book{robert2002captura,
	title={Captura de carbono en los suelos para un mejor manejo de la tierra},
	author={Robert, Michel},
	volume={96},
	year={2002},
	publisher={Food \& Agriculture Org.}
}


@ONLINE{natur2015PW,
	title = {{El ciclo del carbono}},
	year = {2015},
	howpublished ="\url {http://www.natureduca.com/cienc_gen_ciclocarbono.php}"
}



@report{BAAPA2013,
	author = {ParLu, WWF Paraguay y la
	Facultad de Ciencias Agrarias},
	title = {DESARROLLO DEL
	ESTUDIO DE
	LÍNEA DE BASE
	PARA EL SITIO
	PILOTO BOSQUE
	ATLANTICO ALTO
	PARANA (BAAPA).},
	institution = {Univesidad Nacional de Asunci\'on},
	date = {2013},
}

@book{basualdo2003estrategia,
	title={Estrategia nacional y plan de acci{\'o}n para la conservaci{\'o}n de la biodiversidad del Paraguay: ENPAB, Estrategia Nacional y Plan de Acci{\'o}n de Biodiversidad, 2004-2009},
	author={Basualdo, Isabel and de Fox, Isabel Gamarra and Morales, Miguel Angel},
	year={2003},
	publisher={Presidencia de la Rep{\'u}blica, Secretar{\'\i}a del Ambiente}
}

@article{huang2009assessment,
	title={Assessment of Paraguay's forest cover change using Landsat observations},
	author={Huang, Chengquan and Kim, Sunghee and Song, Kuan and Townshend, John RG and Davis, Paul and Altstatt, Alice and Rodas, Oscar and Yanosky, Alberto and Clay, Rob and Tucker, Compton J and others},
	journal={Global and Planetary Change},
	volume={67},
	number={1},
	pages={1--12},
	year={2009},
	publisher={Elsevier}
}

@article{saatchi2011benchmark,
	title={Benchmark map of forest carbon stocks in tropical regions across three continents},
	author={Saatchi, Sassan S and Harris, Nancy L and Brown, Sandra and Lefsky, Michael and Mitchard, Edward TA and Salas, William and Zutta, Brian R and Buermann, Wolfgang and Lewis, Simon L and Hagen, Stephen and others},
	journal={Proceedings of the National Academy of Sciences},
	volume={108},
	number={24},
	pages={9899--9904},
	year={2011},
	publisher={National Acad Sciences}
}
@report{nellemann2009carbono,
	author = {Nellemann, C., Corcoran, E., Duarte, C. M., Valdés, L., De Young, C., Fonseca, L., Grimsditch, G},
	title = {Carbono Azul. Evaluación de una respuesta rápida.},
	institution = {Programa de las Naciones Unidas para el Medio Ambiente.},
	date = {2009},
	OPTurl = {http://www.grida.no},
}


@article{martinez2013normalizacion,
	title={Normalizaci{\'o}n radiom{\'e}trica iterativa en detecci{\'o}n de cambios: seguimiento del tipo de cambios asociados al ecosistema mediterr{\'a}neo},
	author={Mart{\'\i}nez Garrido, Raul},
	year={2013}
}

@article{lillesand1994remote,
	title={Remote Sensing and Image Interpretation. John Willey \& Sons},
	author={Lillesand, Thomas M and Kiefer, Ralph W},
	journal={Inc, United States of America},
	year={1994}
}

@article{garzuglia2003wood,
	title={Wood volume and woody biomass},
	author={Garzuglia, M and Saket, M},
	journal={Food and Agricultural Organization of the United Nations. Roma},
	pages={30},
	year={2003}
}

@article{network2002manuales,
	title={Manuales sobre energ{\'\i}a renovable: Biomasa/Biomass. Primera edici{\'o}n-San Jos{\'e}, Costa Rica},
	author={Network, Users},
	journal={Biomass Users Network (BUN-CA)},
	year={2002}
}

@phdthesis{acosta2003diseno,
	title={Dise{\~n}o y aplicaci{\'o}n de un m{\'e}todo para medir los almacenes de carbono en sistemas con vegetaci{\'o}n forestal y agr{\'\i}colas de ladera en M{\'e}xico},
	author={Acosta Mireles, Miguel and Vel{\'a}zquez Mart{\'\i}nez, Alejandro and Etchevers Barra, Jorge D and Vargas Hern{\'a}ndez, J Jes{\'u}s and Ram{\'\i}rez Maldonado, Hugo and Islas Guti{\'e}rrez, Fabi{\'a}n and Colegio de Postgraduados, Campus Montecillo,; Instituto de Recursos Naturales, Programa Forestal.},
	year={2003},
	school={Tesis Doctoral. Colegio de Postgraduados. Montecillo, M{\'e}xico}
}

@article{avila2001almacenamiento,
	title={Almacenamiento, fijaci{\'o}n de carbono y valoraci{\'o}n de servicios ambientales en sistemas agroforestales en Costa Rica. Carbon storage and fixation, and evaluation of environmental services in agroforestry systems in Costa Rica.},
	author={{\'A}vila, G and Jim{\'e}nez, F and Beer, J and G{\'o}mez, M and Ibrahim, M},
	journal={Agroforester{\'\i}a en las Am{\'e}ricas (CATIE)},
	volume={8},
	number={30},
	pages={32--35},
	year={2001}
}
 @book{peralta2013analisis,
 	author={Fabian Miguel Peralta Ojeda},
 	title={An\'alisis del cambio de cobertura de la tierra y estimaci\'on de carbono en el \'area para Parque Nacional San Rafael, a\~{n}o 2008/2013},
 	publisher={Universidad Nacional de Asunci\'on},
 	year={2013},
 }
 @book{kris2014estimacion,
 	author={Kris Vanessa Alamado Dur\'e},
 	title={Estimaci\'on de carbono almacenado en el Parque Nacional Defensores del Chaco seg\'un formaci\'on vegetal mediante im\'agenes satelitales, a\~{n}o 2014},
 	publisher={Universidad Nacional de Asunci\'on},
 	year={2014},
 }
 @book{gustavo2012deteccion,
 	author={Gustavo Miguel Huespe Duarte},
 	title={Detecci\'on de cambios de la cobertura vegetal mediante indices de vegetaci\'on (NDVI), dentro y fuera de la Reserva de la biosfera del Chaco en el periodo 1985-2011},
 	publisher={Universidad Nacional de Asunci\'on},
 	year={2012},
 }

@article{salama2001factores,
  title={Factores de riesgo y complicaciones cr{\'o}nicas en el diagn{\'o}stico reciente de la diabetes tipo 2},
  author={Salama Benarroch, Isaac and S{\'a}nchez, Gustavo Adolfo},
  journal={Revista Cubana de Endocrinolog{\'\i}a},
  volume={12},
  number={2},
  pages={0--0},
  year={2001},
  publisher={1999, Editorial Ciencias M{\'e}dicas}
}

@article{ortiz2013procesamiento,
  title={Procesamiento Digital de Im{\'a}genes},
  author={Ort{\'\i}z, Manuel Mart{\'\i}n},
  journal={Benem{\'e}rita universidad Aut{\'o}noma de Puebla http://www. cs. buap. mx/\~{} mmartin/pdi},
  year={2013}
}

@inproceedings{hayashi2001development,
  title={A development of computer-aided diagnosis system using fundus images},
  author={Hayashi, Junichiro and Kunieda, Takamitsu and Cole, Joshua and Soga, Ryusuke and Hatanaka, Yuji and Lu, Miao and Hara, Takeshi and Fujita, Hiroshi},
  booktitle={Virtual Systems and Multimedia, 2001. Proceedings. Seventh International Conference on},
  pages={429--438},
  year={2001},
  organization={IEEE}
}

@article{verittimicroaneurismas,
  title={Microaneurismas: fundamentales para detecci{\'o}n de retinopat{\'\i}a diab{\'e}tica},
  author={Veritti, Daniele}
}

@article{crespo2004prevalencia,
  title={Prevalencia de la retinopat{\'\i}a diab{\'e}tica en pacientes del nivel primario de salud},
  author={Crespo Vald{\'e}s, Nelson and Padilla Gonz{\'a}lez, Jos{\'e} de la C and Gonz{\'a}lez Fern{\'a}ndez, Rebeca and Crespo Mojena, Nelson and Rodr{\'\i}guez Casales, Mayra and de Dios Hern{\'a}ndez Beguiristain, Ju{\'a}n},
  journal={Revista Cubana de Medicina General Integral},
  volume={20},
  number={2},
  pages={0--0},
  year={2004},
  publisher={1999, Editorial Ciencias M{\'e}dicas}
}

@article{iqbal2006automatic,
  title={Automatic diagnosis of diabetic retinopathy using fundus images},
  author={Iqbal, MI and Aibinu, AM and Gubbal, NS and Khan, A},
  journal={Blekinge Institute of Technology},
  year={2006}
}

@article{pachiyappan2012automated,
  title={Automated diagnosis of diabetic retinopathy and glaucoma using fundus and OCT images},
  author={Pachiyappan, Arulmozhivarman and Das, Undurti N and Murthy, Tatavarti VSP and Tatavarti, Rao},
  journal={Lipids in health and disease},
  volume={11},
  number={1},
  pages={1--10},
  year={2012},
  publisher={BioMed Central}
}

@article{zohra2009automated,
  title={Automated diagnosis of retinal images using the Support Vector Machine (SVM)},
  author={Zohra, Berrichi Fatima and Mohamed, Benyettou},
  journal={Faculte des Science, Department of Informatique, USTO, Algerie},
  year={2009}
}

@article{gardner1996automatic,
  title={Automatic detection of diabetic retinopathy using an artificial neural network: a screening tool.},
  author={Gardner, GG and Keating, D and Williamson, TH and Elliott, AT},
  journal={British journal of Ophthalmology},
  volume={80},
  number={11},
  pages={940--944},
  year={1996},
  publisher={BMJ Publishing Group Ltd.}
}

@article{osareh2003automated,
  title={Automated identification of diabetic retinal exudates in digital colour images},
  author={Osareh, Alireza and Mirmehdi, Majid and Thomas, Bari and Markham, Richard},
  journal={British Journal of Ophthalmology},
  volume={87},
  number={10},
  pages={1220--1223},
  year={2003},
  publisher={BMJ Publishing Group Ltd.}
}

@article{spencer1996image,
  title={An image-processing strategy for the segmentation and quantification of microaneurysms in fluorescein angiograms of the ocular fundus},
  author={Spencer, Timothy and Olson, John A and McHardy, Kenneth C and Sharp, Peter F and Forrester, John V},
  journal={Computers and biomedical research},
  volume={29},
  number={4},
  pages={284--302},
  year={1996},
  publisher={Elsevier}
}

@article{niemeijer2006image,
  title={Image structure clustering for image quality verification of color retina images in diabetic retinopathy screening},
  author={Niemeijer, Meindert and Abramoff, Michael D and van Ginneken, Bram},
  journal={Medical image analysis},
  volume={10},
  number={6},
  pages={888--898},
  year={2006},
  publisher={Elsevier}
}

@incollection{zhang2006retinal,
  title={Retinal spot lesion detection using adaptive multiscale morphological processing},
  author={Zhang, Xin and Fan, Guoliang},
  booktitle={Advances in Visual Computing},
  pages={490--501},
  year={2006},
  publisher={Springer}
}

@article{nayak2008automated,
  title={Automated identification of diabetic retinopathy stages using digital fundus images},
  author={Nayak, Jagadish and Bhat, P Subbanna and Acharya, Rajendra and Lim, CM and Kagathi, Manjunath},
  journal={Journal of medical systems},
  volume={32},
  number={2},
  pages={107--115},
  year={2008},
  publisher={Springer}
}

@article{sinthanayothin2002automated,
  title={Automated detection of diabetic retinopathy on digital fundus images},
  author={Sinthanayothin, Chanjira and Boyce, JF and Williamson, TH and Cook, HL and Mensah, E and Lal, S and Usher, D},
  journal={Diabetic Medicine},
  volume={19},
  number={2},
  pages={105--112},
  year={2002},
  publisher={Wiley Online Library}
}

@inproceedings{wang2000effective,
  title={An effective approach to detect lesions in color retinal images},
  author={Wang, Huan and Hsu, Wynne and Goh, Kheng Guan and Lee, Mong Li},
  booktitle={Computer Vision and Pattern Recognition, 2000. Proceedings. IEEE Conference on},
  volume={2},
  pages={181--186},
  year={2000},
  organization={IEEE}
}

@article{sopharak2008automatic,
  title={Automatic detection of diabetic retinopathy exudates from non-dilated retinal images using mathematical morphology methods},
  author={Sopharak, Akara and Uyyanonvara, Bunyarit and Barman, Sarah and Williamson, Thomas H},
  journal={Computerized Medical Imaging and Graphics},
  volume={32},
  number={8},
  pages={720--727},
  year={2008},
  publisher={Elsevier}
}

@article{antal2012ensemble,
  title={An ensemble-based system for microaneurysm detection and diabetic retinopathy grading},
  author={Antal, Balint and Hajdu, Andras},
  journal={Biomedical Engineering, IEEE Transactions on},
  volume={59},
  number={6},
  pages={1720--1726},
  year={2012},
  publisher={IEEE}
}

@article{iqbal2006automatic,
  title={Automatic diagnosis of diabetic retinopathy using fundus images},
  author={Iqbal, MI and Aibinu, AM and Gubbal, NS and Khan, A},
  journal={Blekinge Institute of Technology},
  year={2006}
}

@article{iqbal2006automatic,
  title={Automatic diagnosis of diabetic retinopathy using fundus images},
  author={Iqbal, MI and Aibinu, AM and Gubbal, NS and Khan, A},
  journal={Blekinge Institute of Technology},
  year={2006}
}


@article{borovicka2003circle,
  title={Circle Detection Using Hough Transform},
  author={Borovicka, Jaroslav},
  journal={University of Bristol, Bristol},
  year={2003}
}

@article{peng2005detect,
  title={Detect circles with various radii in grayscale image via Hough Transform},
  author={Peng, Tao},
  journal={MATLAB Central},
  year={2005}
}

@article{rojas2008sistema,
  title={Sistema de visi{\'o}n por computadora para la detecci{\'o}n de objetos esf{\'e}ricos a trav{\'e}s de la transformada de Hough},
  author={Rojas, Teddy V and Sanz, Wilmer and Arteaga, Francisco},
  journal={Revista INGENIER{\'I}A UC},
  volume={15},
  number={1},
  pages={77--87},
  year={2008},
  publisher={Universidad de Carabobo}
}

@article{rizon2005object,
  title={Object detection using circular Hough transform},
  author={Rizon, Mohamed and Haniza, Yazid and Puteh, Saad and Yeon, Ali and Shakaff, Md and Abdul Rahman, Saad and Sugisaka, Masanori and Sazali, Yaacob and M Rozailan, Mamat and Karthigayan, M},
  year={2005},
  publisher={Science Publications}
}


@article{kyewook2006application,
  title={Application of the Hough transform},
  author={Kyewook, LEE},
  journal={Report, University of Massachusetts, Lowell},
  year={2006}
}

@article{aguado1995new,
  title={A new hough transform mapping for ellipse detection},
  author={Aguado, AS and Nixon, MS},
  year={1995},
  publisher={University of Southampton}
}

@misc{serra1988image,
  title={Image Analysis and Mathematical Morphology. Vol. 2: Theoretical advances (edited by J. Serra), chapter 5, Introduction to Morphological Filters},
  author={Serra, Jean},
  year={1988},
  publisher={Academic Press, Inc}
}

@article{singh2011analysis,
  title={Analysis of Contrast Enhancement Techniques For Underwater Image},
  author={Singh, Balvant and Mishra, Ravi Shankar and Gour, Puran},
  journal={International Journal of Computer Technology and Electronics Engineering},
  volume={1},
  number={2},
  pages={190--194},
  year={2011}
}

@misc{mehl1997fundamentos,
  title={Fundamentos del procesamiento digital de im{\'a}genes},
  author={Mehl, Harald and Peinado, Osvaldo},
  journal={en: Aplicaci{\'o}n de la teledetecci{\'o}n y de los sistemas de informaci{\'o}n geogr{\'a}fica en la gesti{\'o}n de recursos naturales},
  pages={63--101},
  year={1997},
  publisher={DSE, Alemania}
}

@article{keys1981cubic,
  title={Cubic convolution interpolation for digital image processing},
  author={Keys, Robert},
  journal={Acoustics, Speech and Signal Processing, IEEE Transactions on},
  volume={29},
  number={6},
  pages={1153--1160},
  year={1981},
  publisher={IEEE}
}

@misc{uk2003criteria,
  title={Criteria for appraising the viability, effectiveness and appropriateness of a screening programme},
  author={UK National Screening Committee and others},
  year={2003}
}

@book{beaglehole1994epidemiologia,
  title={Epidemiolog{\'\i}a b{\'a}sica},
  author={Beaglehole, Robert and Bonita, Ruth and Kjellstr{\"o}m, Tord},
  year={1994},
  publisher={OPS}
}



Paz. Jenaro C. “Introducción al procesamiento digital de imágenes”. 
Textos Universitarios/ Serie Docencia. Disponible en:
http://www2.uacj.mx/Publicaciones/GeneracionImagenes/
imagenesCap8.pdf


@article{jenaroIPDI,
  title={Introducción al procesamiento digital de imágenes},
  author={Paz. Jenaro C. }
  
}


@book{serra1982image,
  title={Image analysis and mathematical morphology, v. 1},
  author={Serra, Jean},
  year={1982},
  publisher={Academic press}
}

@article{der1957vorlesungen,
  title={La retinopatía diabética. Lo que usted debe saber},
  author={der Polyeder, Elementargeometrie},
  year={1957},
  publisher={Springer}
}

@article{zavon1969principles,
  title={Principles and Practice of Screening for Disease.},
  author={Zavon, Mitchell R},
  journal={Archives of Internal Medicine},
  volume={123},
  number={3},
  pages={349--349},
  year={1969},
  publisher={American Medical Association}
}

@article{von2011guia,
  title={Gu{\'\i}a pr{\'a}ctica cl{\'\i}nica de retinopat{\'\i}a diab{\'e}tica para latinoam{\'e}rica},
  author={von-Bischhoffshausen, Fernando Barr{\'\i}a and Castro, Francisco Mart{\'\i}nez},
  journal={Revista M{\'e}dico Oftalm{\'o}logo},
  volume={2011}
}

@article{retinoUSdep,
  title={La retinopatía diabética. Lo que usted debe saber},
   author={U.S. Deparment of health and human services, National Institutes of health, National Eye Institute},
}




@article{matheron1967elements,
  title={El{\'e}ments pour une th{\'e}orie des milieux poreux},
  author={Matheron, Georges},
  year={1967},
  publisher={Masson}
}
@article{matheron1967elements,
  title={El{\'e}ments pour une th{\'e}orie des milieux poreux},
  author={Matheron, Georges},
  year={1967},
  publisher={Masson}
}

@article{hadwiger1959normale,
  title={Normale K{\"o}rper im euklidischen Raum und ihre topologischen und metrischen Eigenschaften},
  author={Hadwiger, H},
  journal={Mathematische Zeitschrift},
  volume={71},
  number={1},
  pages={124--140},
  year={1959},
  publisher={Springer}
}


@incollection{minkowski1989allgemeine,
  title={Allgemeine Lehrs{\"a}tze {\"u}ber die konvexen Polyeder},
  author={Minkowski, Hermann},
  booktitle={Ausgew{\"a}hlte Arbeiten zur Zahlentheorie und zur Geometrie},
  pages={121--139},
  year={1989},
  publisher={Springer}
}

@inproceedings{bajon1986identification,
  title={Identification of multicoloured objects using a vision module},
  author={Bajon, J and Cattoen, M and Liang, L},
  booktitle={Proc. Sixth int. vonf. on robot vision and sensory controls},
  pages={21--30},
  year={1986}
}

@misc{gonzalesdigital,
  title={Digital image processing, 1993},
  author={Gonzales, Rafael C and Woods, Richard E},
  publisher={Addison-Wesley Publishing Company}
}

@article{kender1976saturation,
  title={Saturation, heu, and normalized color: Calculation, digitization effects, and use},
  author={Kender, John R},
  journal={Interim Report Carnegie-Mellon Univ., Pittsburgh, PA. Dept. of Computer Science.},
  volume={1},
  year={1976}
}

@article{shih1995reversibility,
  title={The reversibility of six geometric color spaces},
  author={Shih, Tian-Yuan},
  journal={Photogrammetric Engineering and Remote Sensing},
  volume={61},
  number={10},
  pages={1223--1232},
  year={1995},
  publisher={American Society for Photogrammetry and Remote Sensing}
}

@inproceedings{ledley1990fundamentals,
  title={Fundamentals of true-color image processing},
  author={Ledley, RS and Buas, M and Golab, TJ},
  booktitle={Pattern Recognition, 1990. Proceedings., 10th International Conference on},
  volume={1},
  pages={791--795},
  year={1990},
  organization={IEEE}
}

@book{ortiz2002procesamiento,
  title={Procesamiento morfol{\'o}gico de im{\'a}genes en color: aplicaci{\'o}n a la reconstrucci{\'o}n geod{\'e}sica},
  author={Ortiz Zamora, Francisco Gabriel},
  year={2002}
}

@article{wernick2010machine,
  title={Machine learning in medical imaging},
  author={Wernick, Miles N and Yang, Yongyi and Brankov, Jovan G and Yourganov, Grigori and Strother, Stephen C},
  journal={Signal Processing Magazine, IEEE},
  volume={27},
  number={4},
  pages={25--38},
  year={2010},
  publisher={IEEE}
}
@article{huang1995image,
  title={Image thresholding by minimizing the measures of fuzziness},
  author={Huang, Liang-Kai and Wang, Mao-Jiun J},
  journal={Pattern recognition},
  volume={28},
  number={1},
  pages={41--51},
  year={1995},
  publisher={Elsevier}
}



Fong, D. S., Aiello, L., Gardner, T. W., King, G. L., Blankenship,
G., Cavallerano, J. D., Ferris, F. L., and Klein, R., Diabetic
retinopathy. Diabetes Care 26(1):226–229, 2003.


@article{fongaiello2002diabetic,
  title={Diabetic retinopathy. Diabetes Care },
  author={Fong, D. S., Aiello, L., Gardner, T. W., King, G. L., Blankenship,
G., Cavallerano, J. D., Ferris, F. L., Klein, R.},
  journal={IEICE TRANSACTIONS on Information and Systems},
  volume={26},
  number={1},
  pages={226–-229},
  year={2003},
  publisher={The Institute of Electronics, Information and Communication Engineers}
}

@article{chaudhuri1989detection,
  title={Detection of blood vessels in retinal images using two-dimensional matched filters},
  author={Chaudhuri, Subhasis and Chatterjee, Shankar and Katz, Norman and Nelson, Mark and Goldbaum, Michael},
  journal={IEEE Transactions on medical imaging},
  volume={8},
  number={3},
  pages={263--269},
  year={1989},
  publisher={Institute of Electrical and Electronic Engineers}
}



@article{lipikorn2002modified,
  title={A Modified Exoskeleton and Its Application to Object Representation and Recognition},
  author={Lipikorn, Rajalida and Shimizu, Akinobu and Hagihara, Yoshihiro and Kobatake, Hidefumi},
  journal={IEICE TRANSACTIONS on Information and Systems},
  volume={85},
  number={5},
  pages={884--896},
  year={2002},
  publisher={The Institute of Electronics, Information and Communication Engineers}
}
@article{kittler1986minimum,
  title={Minimum error thresholding},
  author={Kittler, Josef and Illingworth, John},
  journal={Pattern recognition},
  volume={19},
  number={1},
  pages={41--47},
  year={1986},
  publisher={Elsevier}
}

@article{shahidi1994retinal,
  title={Retinal thickness change after focal laser treatment of diabetic macular oedema.},
  author={Shahidi, Mahnaz and Ogura, Yuichiro and Blair, Norman P and Zeimer, Ran},
  journal={British journal of ophthalmology},
  volume={78},
  number={11},
  pages={827--830},
  year={1994},
  publisher={BMJ Publishing Group Ltd.}
}

@article{faust2012algorithms,
  title={Algorithms for the automated detection of diabetic retinopathy using digital fundus images: a review},
  author={Faust, Oliver and Acharya, Rajendra and Ng, Eddie Yin-Kwee and Ng, Kwan-Hoong and Suri, Jasjit S},
  journal={Journal of medical systems},
  volume={36},
  number={1},
  pages={145--157},
  year={2012},
  publisher={Springer}
}

@book{dougherty2003hands,
  title={Hands-on morphological image processing},
  author={Dougherty, Edward R and Lotufo, Roberto A and The International Society for Optical Engineering SPIE},
  volume={71},
  year={2003},
  publisher={SPIE press Bellingham}
}

@inproceedings{abutaleb1988automatic,
  title={Automatic Thresholding of Gray-Level Pictures Using 2-D Entropy},
  author={Abutaleb, A and Eloteifi, A},
  booktitle={31st Annual Technical Symposium},
  pages={29--35},
  year={1988},
  organization={International Society for Optics and Photonics}
}

@article{guyon2006feature,
  title={Feature extraction},
  author={Guyon, Isabelle and Gunn, Steve and Nikravesh, Masoud and Zadeh, L},
  journal={Foundations and applications},
  year={2006},
  publisher={Springer}
}

@article{piramuthu2009iterative,
  title={Iterative feature construction for improving inductive learning algorithms},
  author={Piramuthu, Selwyn and Sikora, Riyaz T},
  journal={Expert Systems with Applications},
  volume={36},
  number={2},
  pages={3401--3406},
  year={2009},
  publisher={Elsevier}
}

@misc{hernandezalternativa,
  title={Una alternativa para el etiquetado de componentes conectadas usando vecindades},
  author={Hern{\'a}ndez-Belmonte, Uriel H and Ayala-Ram{\'\i}rez, V and S{\'a}nchez-Y{\'a}nez, Ra{\'u}l E},
  publisher={Universidad de Guanajuato, Campus Salamanca FIMEE. Laboratorio de Visi{\'o}n Rob{\'o}tica e Inteligencia Artificial}
}
@article{al2010image,
  title={Image segmentation by using threshold techniques},
  author={Al-Amri, Salem Saleh and Kalyankar, Namdeo V and others},
  journal={arXiv preprint arXiv:1005.4020},
  year={2010}
}
@article{coto2003metodos,
  title={M{\'e}todos de segmentaci{\'o}n de im{\'a}genes m{\'e}dicas},
  author={Coto, Ernesto},
  journal={Universidad Central de Venezuela: Lecturas en Ciencias de la Computaci{\'o}n},
  volume={1},
  pages={9--15},
  year={2003}
}
@inproceedings{joblove1978color,
  title={Color spaces for computer graphics},
  author={Joblove, George H and Greenberg, Donald},
  booktitle={ACM siggraph computer graphics},
  volume={12},
  number={3},
  pages={20--25},
  year={1978},
  organization={ACM}
}
@inproceedings{smith1978color,
  title={Color gamut transform pairs},
  author={Smith, Alvy Ray},
  booktitle={ACM Siggraph Computer Graphics},
  volume={12},
  number={3},
  pages={12--19},
  year={1978},
  organization={ACM}
}
@article{delagodo2005metodos,
  title={Métodos de Binarización de Imágenes en Niveles de Gris},
  author={José M. Delgado R.},
  year={2005},
 
@article{gonzalez2013tecnicas,
  title={T{\'e}cnicas de umbralizaci{\'o}n para la detecci{\'o}n de anomal{\'\i}as en la pared a{\'o}rtica mediante OCT},
  author={Gonz{\'a}lez Mart{\'\i}nez, Vanesa},
  year={2013}
}
@article{cortes1995support,
  title={Support-vector networks},
  author={Cortes, Corinna and Vapnik, Vladimir},
  journal={Machine learning},
  volume={20},
  pages={273--297},
  year={1995},
  publisher={Springer}
}

@article{keys1981cubic,
  title={Cubic convolution interpolation for digital image processing},
  author={Keys, Robert},
  journal={Acoustics, Speech and Signal Processing, IEEE Transactions on},
  volume={29},
  number={6},
  pages={1153--1160},
  year={1981},
  publisher={IEEE}
}

@article{gonzalez2013tecnicas,
  title={T{\'e}cnicas de umbralizaci{\'o}n para la detecci{\'o}n de anomal{\'\i}as en la pared a{\'o}rtica mediante OCT},
  author={Gonz{\'a}lez Mart{\'\i}nez, Vanesa},
  year={2013}
}
@article{gonzalez1992digital,
  title={Digital imaging processing},
  author={Gonzalez, Rafael C and Woods, Richard E},
  journal={Massachusetts: Addison-Wesley},
  year={1992}
}
@article{cattaneo2011metodos,
  title={MÉTODOS DE UMBRALIZACIÓN DE IMÁGENES DIGITALES 
BASADOS EN ENTROPIA DE SHANNON Y OTROS},
  author={Carlos A. Cattaneoa, Ledda I. Larchera, Ana I. Ruggerib, Andrea C. Herreraa, Enrique M. Biasoni},
  journal={Machine learning},
  volume={20},
  number={3},
  pages={2785--2805},
  year={2011},
  publisher={Asociación argentina de mecánica computacional}
}

@article{wong1989gray,
  title={A gray-level threshold selection method based on maximum entropy principle},
  author={Wong, Andrew KC and Sahoo, Prasanna K},
  journal={Systems, Man and Cybernetics, IEEE Transactions on},
  volume={19},
  number={4},
  pages={866--871},
  year={1989},
  publisher={IEEE}
}

@article{shayareaders,
  title={Readers of this article also read},
  author={Shaya, Fadia T and Aljawadi, Mohammad}
}

@article{el2013automatic,
  title={Automatic Detection of Exudates in Retinal Images},
  author={El Abbadi, Nidhal K and Al-Saadi, Enas Hamood},
  journal={International Journal of Computer Science Issues (IJCSI)},
  volume={10},
  number={2},
  year={2013}
}
@article{otsu1975threshold,
  title={A threshold selection method from gray-level histograms},
  author={Otsu, Nobuyuki},
  journal={Automatica},
  volume={11},
  number={285-296},
  pages={23--27},
  year={1975}
}
@article{fong2004retinopathy,
  title={Retinopathy in diabetes},
  author={Fong, Donald S and Aiello, Lloyd and Gardner, Thomas W and King, George L and Blankenship, George and Cavallerano, Jerry D and Ferris, Fredrick L and Klein, Ronald},
  journal={Diabetes care},
  volume={27},
  number={suppl 1},
  pages={s84--s87},
  year={2004},
  publisher={Am Diabetes Assoc}
}
@book{browning2010diabetic,
  title={Diabetic Retinopathy: Evidence-Based Management},
  author={Browning, David J},
  year={2010},
  publisher={Springer}
}

@misc{barria2010guia,
  title={Gu{\'\i}a pr{\'a}ctica cl{\'\i}nica de retinopat{\'\i}a diab{\'e}tica para latinoam{\'e}rica},
  author={Barr{\'\i}a, Fernando and Castro, Francisco Mart{\'\i}nez},
  year={2010},
  publisher={Quer{\'e}tano, M{\'e}xico: Programa Visi{\'o}n}
}

@article{zohra2009automated,
  title={Automated diagnosis of retinal images using the Support Vector Machine (SVM)},
  author={Zohra, Berrichi Fatima and Mohamed, Benyettou},
  journal={Faculte des Science, Department of Informatique, USTO, Algerie},
  year={2009}
}

@article{selvathi2012automated,
  title={Automated Detection of Diabetic Retinopathy for Early Diagnosis using Feature Extraction and Support Vector Machine},
  author={Selvathi, D and Prakash, NB and Balagopal, Neethi},
  year={2012},
  publisher={Citeseer}
}
ONLINE{examen2014,
title = {{Examen de fondo de ojo}},
month = unj,
year = {2014},
howpublished ="\url {http://www.mapfre.es/salud/es/cinformativo/fundoscopia-oftalmoscopia.shtml}"
}

ONLINE{auto,
title = {{Aprendizaje Automático}},
month = Noviembre,
year = {2014},
howpublished ="\url {http:/http://www.mql5.com/es/articles/584}"
}


@inproceedings{boser1992training,
  title={A training algorithm for optimal margin classifiers},
  author={Boser, Bernhard E and Guyon, Isabelle M and Vapnik, Vladimir N},
  booktitle={Proceedings of the fifth annual workshop on Computational learning theory},
  pages={144--152},
  year={1992},
  organization={ACM}
}
@ONLINE{messidor,
title = {{Messidor Database}},
month = jun,
year = {2014},
howpublished ="\url {http://messidor.crihan.fr/download.php}"
}


@inproceedings{messidorE,
  title={MESSIDOR Database},
  organization={ACM}
}


@ONLINE{messidorD,
title = {{Messidor Database}},
month = jun,
year = {2014},
howpublished ="\url {http://messidor.crihan.fr/download.php}"
}



@ONLINE{vision2020la,
title = {{Foto-screening de Retinopatía Diabética en Paraguay}},
month = jul,
year = {2014},
howpublished ="\url {http://vision2020la.wordpress.com/2012/09/16/foto-screening-de-retinopatia-diabetica-en-paraguay/}"
}

@ONLINE{vision2020la,
title = {{Foto-screening de Retinopatía Diabética en Paraguay}},
month = jul,
year = {2014},
howpublished ="\url {http://vision2020la.wordpress.com/2012/09/16/foto-screening-de-retinopatia-diabetica-en-paraguay/}"
}

@article{martinez1999programa,
  title={Programa nacional de prevenci{\'o}n, diagn{\'o}stico, evaluaci{\'o}n y control de la hipertensi{\'o}n arterial},
  author={Mart{\'\i}nez, C and P{\'e}rez Gonz{\'a}lez, R and C{\'o}rdoba Vargas, L and Sant{\'\i}n Pe{\~n}a, M and Mac{\'\i}as Castro, I},
  journal={Rev Cubana Med Gen Integr},
  volume={15},
  number={1},
  pages={46--88},
  year={1999}
}

@article{de2002documento,
  title={Documento de consenso 2002 sobre pautas de detecci{\'o}n, prevenci{\'o}n y tratamiento de la nefropat{\'\i}a diab{\'e}tica en Espa{\~n}a},
  author={DE EXPERTOS, COMIT{\'E}},
  journal={Nefrolog{\'\i}a},
  volume={22},
  number={6},
  year={2002}


@ONLINE{idf,
title = {{International Diabetes Federation}},
month = jul,
year = {2014},
howpublished ="\url {http://www.idf.org/}"
}
@article{parikh2008understanding,
  title={Understanding and using sensitivity, specificity and predictive values},
  author={Parikh, Rajul and Mathai, Annie and Parikh, Shefali and Sekhar, G Chandra and Thomas, Ravi},
  journal={Indian journal of ophthalmology},
  volume={56},
  number={1},
  pages={45},
  year={2008},
  publisher={Medknow Publications}
}
@article{selvathi2012automated,
  title={Automated Detection of Diabetic Retinopathy for Early Diagnosis using Feature Extraction and Support Vector Machine},
  author={Selvathi, D and Prakash, NB and Balagopal, Neethi},
  year={2012},
  publisher={Citeseer}
}
@techreport{guide,
author = {{Kuivalainen, M.}},
title = {{Retinal image analyzing machine vision}},
type = {Master's thesis},
institution = {},
year = {2005}
}

@article{platero2009apuntes,
  title={Apuntes de visi{\'o}n artificial},
  author={Platero, Carlos},
  journal={Departamento de Electr{\'o}nica, Autom{\'a}tica e Inform{\'a}tica Industrial},
  year={2009}
}

@article{molineroSegmentacion,
  title={Segmentación de imágenes en  color basada en el crecimiento de regiones},
  author={G. Molinero},
  journal={Biblioteca de la Universidad de  Sevilla},
  
}
@article{wang2007fast,
  title={Fast image/video contrast enhancement based on weighted thresholded histogram equalization},
  author={Wang, Qing and Ward, Rabab K},
  journal={Consumer Electronics, IEEE Transactions on},
  volume={53},
  number={2},
  pages={757--764},
  year={2007},
  publisher={IEEE}
}
@ONLINE{exa,
title = {{Pruebas oftalmológicas}},
month = jul,
year = {2014},
howpublished ="\url {http://www.mapfre.es/salud/es/cinformativo/fundoscopia-oftalmoscopia.shtml}"
}

@article{shayareaders,
  title={Readers of this article also read},
  author={Shaya, Fadia T and Aljawadi, Mohammad}
}

@article{fong2004retinopathy,
  title={Retinopathy in diabetes},
  author={Fong, Donald S and Aiello, Lloyd and Gardner, Thomas W and King, George L and Blankenship, George and Cavallerano, Jerry D and Ferris, Fredrick L and Klein, Ronald},
  journal={Diabetes care},
  volume={27},
  number={suppl 1},
  pages={s84--s87},
  year={2004},
  publisher={Am Diabetes Assoc}
}
@book{browning2010diabetic,
  title={Diabetic Retinopathy: Evidence-Based Management},
  author={Browning, David J},
  year={2010},
  publisher={Springer}
}

@article{AguilarToledo1995Diseno,
  title={Diseño de un OCR utilizando Redes Neuronales Artificiales},
  author={Aguilar  David,  Toledo  Vicente},
  journal={Tesis Profesional del Departamento de Ingeniería en Sistemas Computacionales de la Universidad de las Américas,Puebla, Primavera 1995},
  year={1995}
}


@article{diabetica2006pontificia,
  title={Pontificia Universidad cat{\'o}lica de Chile},
  author={Diab{\'e}tica, {\'A}lvarez R Retinopat{\'\i}a},
  journal={Bolet{\'\i}n de la escuela de medicina},
  volume={31},
  number={3},
  year={2006}
}
@article{manteca2012tratamiento,
  title={Tratamiento de la retinopat{\'\i}a diab{\'e}tica},
  author={Manteca, Jordi Mesa},
  journal={Diab{\'e}ticos: Presente y futuro},
  number={82},
  pages={1},
  year={2012},
  publisher={Ediciones Mayo}
}

@misc{kanski2004oftalmologia,
  title={Oftalmolog{\'\i}a cl{\'\i}nica},
  author={Kanski Jack, J},
  year={2004},
  publisher={Madrid: Editorial Harcourt Brace de Espa{\~n}a, SA}
}
@misc{barria2010guia,
  title={Gu{\'\i}a pr{\'a}ctica cl{\'\i}nica de retinopat{\'\i}a diab{\'e}tica para latinoam{\'e}rica},
  author={Barr{\'\i}a, Fernando and Castro, Francisco Mart{\'\i}nez},
  year={2010},
  publisher={Quer{\'e}tano, M{\'e}xico: Programa Visi{\'o}n}
}

@article{zohra2009automated,
  title={Automated diagnosis of retinal images using the Support Vector Machine (SVM)},
  author={Zohra, Berrichi Fatima and Mohamed, Benyettou},
  journal={Faculte des Science, Department of Informatique, USTO, Algerie},
  year={2009}
}

@article{selvathi2012automated,
  title={Automated Detection of Diabetic Retinopathy for Early Diagnosis using Feature Extraction and Support Vector Machine},
  author={Selvathi, D and Prakash, NB and Balagopal, Neethi},
  year={2012},
  publisher={Citeseer}
}

@misc{hough1962method,
  title={Method and means for recognizing complex patterns},
  author={Hough, Paul VC},
  year={1962},
  month=dec # "~18",
  publisher={Google Patents},
  note={US Patent 3,069,654}
}



@article{parikh2008understanding,
  title={Understanding and using sensitivity, specificity and predictive values},
  author={Parikh, Rajul and Mathai, Annie and Parikh, Shefali and Sekhar, G Chandra and Thomas, Ravi},
  journal={Indian journal of ophthalmology},
  volume={56},
  number={1},
  pages={45},
  year={2008},
  publisher={Medknow Publications}
}
@article{selvathi2012automated,
  title={Automated Detection of Diabetic Retinopathy for Early Diagnosis using Feature Extraction and Support Vector Machine},
  author={Selvathi, D and Prakash, NB and Balagopal, Neethi},
  year={2012},
  publisher={Citeseer}
}
@techreport{guide,
author = {{Kuivalainen, M.}},
title = {{Retinal image analyzing machine vision}},
type = {Master's thesis},
institution = {},
year = {2005}
}
@ONLINE{cigna,
title = {{CIGNA MEDICAL COVERAGE POLICY}},
month = jun,
year = {2014},
howpublished ="\url {http://old.cigna.com/customer_care/healthcare_professional/coverage_positions/medical/mm_0080_coveragepositioncriteria_imaging_systems_optical.pdf}"
}

@article{mellitus2004diabetes,
  title={de Diabetes},
  author={Mellitus, Grupo de Trabajo Diabetes and de la Sociedad Espa{\~n}ola, Enfermedad Cardiovascular},
  journal={Diabetes Mellitus y riesgo cardiovascular. Recomendaciones del Grupo de Trabajo Diabetes Mellitus y Enfermedad Cardiovascular de la Sociedad Espa{\~n}ola de Diabetes. Clin Invest Arteriosclerosis},
  volume={16},
  number={2},
  pages={74--78},
  year={2004}
}
@article{de2001vision,
  title={Visi{\'o}n por computador},
  author={De la Escalera, Arturo and Armingol, Jos{\'e} Mar{\'\i}a},
  journal={Fundamentos y m{\'e}todos},
  year={2001}
}
@article{verittimicroaneurismas,
  title={Microaneurismas: fundamentales para detecci{\'o}n de retinopat{\'\i}a diab{\'e}tica},
  author={Veritti, Daniele}
}

@ONLINE{PedroSaenzRetinopatiaDiabetica,
  title={Retinopatía diabética},
  author={ Sáenz ,Dr. Pedro E.},
  month = january,
year = {2000},
howpublished ="\url {http://www.fihu-diagnostico.org.pe/revista/numeros/2000/enefeb00/19-30.html}"
}



@ONLINE{20medios,
title = {{Diabetes, qué es? Causas y tratamiento}},
month = march,
year = {2014},
howpublished ="\url {http://http://20medios.com/2014/03/la-diabetes-que-es-causas-y-tratamiento/}"
}

@ONLINE{optos,
title = {{Retinopatía Diabética}},
month = march,
year = {2014},
howpublished ="\url {https://www.optos.com/ca/Pacientes/Patologias-oculares/Retinopatia-diabetica/}"
}




@ONLINE{AAOcausas,
title = {{Causas de la retinopatía diabética}},
month = september,
year = {2013},
publisher={American Academy of Ophthalmology},
howpublished ="\url {http://www.geteyesmart.org/eyesmart/diseases-es/retinopatia-diabetica/causas.cfm}"
}

@ONLINE{AAOSintomas,
title = {{Síntomas de la retinopatía diabética}},
month = september,
year = {2013},
publisher={American Academy of Ophthalmology},
howpublished ="\url {http://www.geteyesmart.org/eyesmart/diseases-es/retinopatia-diabetica/sintomas.cfm}"
}


@ONLINE{AAORiesgos,
title = {{Factores de Riesgo de la retinopatía diabética}},
month = september,
year = {2013},
publisher={American Academy of Ophthalmology},
howpublished ="\url {http://www.geteyesmart.org/eyesmart/diseases-es/retinopatia-diabetica/riesgo.cfm}"
}
@article{mozur2003sistemas,
  title={Los sistemas de gesti{\'o}n ambiental en la industria petrolera internacional},
  author={Mozur, Carolina Gu{\'e}dez and Hern{\'a}ndez, Desir{\'e}e De Armas},
  journal={Interciencia},
  volume={28},
  number={9},
  pages={528--533},
  year={2003},
  publisher={Asociaci{\'o}n Interciencia}
}

@article{elizaga2013apoyo,
  title={En apoyo a la inversi{\'o}n en cribado},
  author={Elizaga, Nieves Ascunce},
  journal={Gac Sanit},
  volume={27},
  number={4},
  year={2013},
  publisher={SciELO Espana}
}

@article{resnikoff2004global,
  title={Global data on visual impairment in the year 2002},
  author={Resnikoff, Serge and Pascolini, Donatella and Etya'ale, Daniel and Kocur, Ivo and Pararajasegaram, Ramachandra and Pokharel, Gopal P and Mariotti, Silvio P},
  journal={Bulletin of the World Health Organization},
  volume={82},
  number={11},
  pages={844--851},
  year={2004},
  publisher={SciELO Public Health}
}

@article{jose2003camara,
  title={C{\'a}mara de retina no midri{\'a}tica: estudio de coste-efectividad en la detecci{\'o}n temprana de la retinopat{\'\i}a diab{\'e}tica},
  author={Jos{\'e} Sender Palacios, M and Monserrat Bagur, Sara and Badia Llach, Xavier and Maseras Bover, Miquel and Luisa de la Puente Martorell, M and Foz Sala, M{\`a}rius},
  journal={Medicina cl{\'\i}nica},
  volume={121},
  number={12},
  pages={446--452},
  year={2003},
  publisher={Elsevier}
}



@misc{plus2013diabetes,
  title={Diabetes. Biblioteca Nacional de Medicina de los EEUU},
  author={Plus, Medline},
  year={2012}
}

@ONLINE{cigna,
title = {{CIGNA MEDICAL COVERAGE POLICY}},
month = jun,
year = {2014},
howpublished ="\url {http://old.cigna.com/customer_care/healthcare_professional/coverage_positions/medical/mm_0080_coveragepositioncriteria_imaging_systems_optical.pdf}"
}

@article{resnikoff2004global,
  title={Global data on visual impairment in the year 2002},
  author={Resnikoff, Serge and Pascolini, Donatella and Etya'ale, Daniel and Kocur, Ivo and Pararajasegaram, Ramachandra and Pokharel, Gopal P and Mariotti, Silvio P},
  journal={Bulletin of the World Health Organization},
  volume={82},
  number={11},
  pages={844--851},
  year={2004},
  publisher={SciELO Public Health}
}
@article{wilson1968principles,
  title={Principles and practice of screening},
  author={Wilson, JMG and Jungner, G},
  journal={WHO: Geneva},
  year={1968}
}


@ONLINE{oms,
title = {{Organización Mundial de la Salud},
month = jun,
year = {2014},
howpublished ="\url {http://www.who.int/es/}"
}


@ONLINE{nei,
title = {{Información sobre la Retinopatía Diabética : Lo que usted debe saber [NEI Health Information]}},
month = jul,
year = {2014},
howpublished ="\url {https://www.nei.nih.gov/health/espanol/diabetic/retinopatia.asp}"
}
https://www.nei.nih.gov

@article{andrews1972image,
  title={Image processing by digital computer},
  author={Andrews, Harry C and Tescher, AG and Kruger, Richard P},
  journal={Spectrum, IEEE},
  volume={9},
  number={7},
  pages={20--32},
  year={1972},
  publisher={IEEE}
}

@article{kumari2010diabetic,
  title={Diabetic Retinopathy-Early Detection Using Im-age Processing Techniques},
  author={Kumari, V Vijaya and SuriyaNarayanan, N},
  journal={International Journal on Computer Science and Engineering},
  volume={2},
  number={02},
  pages={357--361},
  year={2010},
  publisher={Citeseer}
}

@article{bloch1995fuzzy,
  title={Fuzzy mathematical morphologies: a comparative study},
  author={Bloch, Isabelle and Ma{\^\i}tre, Henri},
  journal={Pattern recognition},
  volume={28},
  number={9},
  pages={1341--1387},
  year={1995},
  publisher={Elsevier}
}

@article{gupta2011algorithm,
  title={Algorithm for image processing using improved median filter and comparison of mean, median and improved median filter},
  author={Gupta, Gajanand},
  journal={International Journal of Soft Computing and Engineering (IJSCE) ISSN},
  pages={2231--2307},
  year={2011}
}
@book{qiu2005image,
  title={Image processing and jump regression analysis},
  author={Qiu, Peihua},
  volume={599},
  year={2005},
  publisher={John Wiley \& Sons}
}

@article{shapiro2002stockman,
  title={stockman, George C},
  author={Shapiro, Linda G and Linda, G},
  journal={Computer Vision, Prentice hall. ISBN 0-13-030796-3},
  year={2002}
}


@book{shih2010image,
  title={Image processing and pattern recognition: fundamentals and techniques},
  author={Shih, Frank Y},
  year={2010},
  publisher={John Wiley \& Sons}
}

@book{sonka2008image,
  title={Image processing, analysis, and machine vision},
  author={Sonka, Milan and Hlavac, Vaclav and Boyle, Roger and others},
  volume={3},
  year={2008},
  publisher={Thomson Toronto}
}

@inproceedings{cui2008edge,
  title={Edge feature extraction based on digital image processing techniques},
  author={Cui, F-Y and Zou, Li-jun and Song, Bei},
  booktitle={Automation and Logistics, 2008. ICAL 2008. IEEE International Conference on},
  pages={2320--2324},
  year={2008},
  organization={IEEE}
}


@book{johnson2006stephen,
  title={Stephen Johnson on digital photography},
  author={Johnson, Stephen},
  year={2006},
  publisher={O'Reilly Media, Inc.}
}

@misc{barghout2003perceptual,
  title={Perceptual information processing system},
  author={Barghout, Lauren and Lee, Lawrence},
  year={2003},
  publisher={Google Patents}
}

@inproceedings{zuiderveld1994contrast,
  title={Contrast limited adaptive histogram equalization},
  author={Zuiderveld, Karel},
  booktitle={Graphics gems IV},
  pages={474--485},
  year={1994},
  organization={Academic Press Professional, Inc.}
}

@article{pavlovicova2013diabetic,
  title={Diabetic Rethinopathy Screening by Bright Lesions Extraction from Fundus Images},
  author={Pavlovicov{\'a}, Veronika Han{\'u}skov{\'a}—Jarmila and Bla{\v{s}}ko, Milo{\v{s}} Oravec—Radoslav},
  journal={Journal of Electrical Engineering},
  volume={64},
  number={5},
  pages={311--316},
  year={2013}
}

@article{villanueva1996analisis,
  title={An{\'a}lisis de algunas variables cl{\'\i}nicas en relaci{\'o}n con la retinopat{\'\i}a diab{\'e}tica},
  author={Villanueva, Aldo Sigler and Barredo, Jes{\'u}s Jim{\'e}nez and Carro, Ricardo G{\'o}mez and S{\'a}nchez, Luis A Rodr{\'\i}guez and Fern{\'a}ndez, Pedro Posada and Roque, Juana M Maqueira and Bravo, Rolando Rey and L{\'o}pez, Miguel A Guevara},
  journal={Rev Cubana Oftalmol},
  volume={9},
  number={2},
  pages={2},
  year={1996}
}


@article{medina1997bases,
  title={Bases del Procesamiento de Im{\'a}genes M{\'e}dicas},
  author={Medina, Rub{\'e}n and Bellera, Jes{\'u}s},
  journal={Universidad de Los Andes, Facultad de Ingenier{\'\i}a, Grupo de Ingenier{\'\i}a Biom{\'e}dica de la ULA. Venezuela},
  year={1997}
}


@article{davies1988modified,
  title={A modified Hough scheme for general circle location},
  author={Davies, ER},
  journal={Pattern Recognition Letters},
  volume={7},
  number={1},
  pages={37--43},
  year={1988},
  publisher={Elsevier}
}


@inproceedings{gerig1986fast,
  title={Fast contour identification through efficient Hough transform and simplified interpretation strategy},
  author={Gerig, G and Klein, F},
  booktitle={Proc. Inc. Conf: Pattern Recognit},
  volume={1},
  pages={498--500},
  year={1986}
}

@article{cortes1995support,
  title={Support-vector networks},
  author={Cortes, Corinna and Vapnik, Vladimir},
  journal={Machine learning},
  volume={20},
  number={3},
  pages={273--297},
  year={1995},
  publisher={Springer}
}

@article{lin2002sensitivity,
  title={The sensitivity and specificity of single-field nonmydriatic monochromatic digital fundus photography with remote image interpretation for diabetic retinopathy screening: a comparison with ophthalmoscopy and standardized mydriatic color photography},
  author={Lin, Danny Y and Blumenkranz, Mark S and Brothers, Rosemary J and Grosvenor, David M},
  journal={American journal of ophthalmology},
  volume={134},
  number={2},
  pages={204--213},
  year={2002},
  publisher={Elsevier}
} 

@misc{shapirocomputer,
  title={Computer Vision, 2001, 279-325},
  author={Shapiro, Linda G and Stockman, George C},
  publisher={New Jersey, Prentice-Hall, ISBN 0-13-030796-3}
}


@article{nayak2008automated,
  title={Automated identification of diabetic retinopathy stages using digital fundus images},
  author={Nayak, Jagadish and Bhat, P Subbanna and Acharya, Rajendra and Lim, CM and Kagathi, Manjunath},
  journal={Journal of medical systems},
  volume={32},
  number={2},
  pages={107--115},
  year={2008},
  publisher={Springer}
}

@article{ceocomplicaciones,
  title={Complicaciones de la Diabetes Tipo 2 y Reduciendo Su Riesgo de Desarrollar Complicaciones},
  author={CEO, Meet Our and Knife, Gamma and Team, Join Our}
}


@article{de2005evaluacion,
  title={Evaluaci{\'o}n de las pruebas y programas de detecci{\'o}n precoz (cribado o screening) de enfermedades},
  author={de Dios, J Gonz{\'a}lez and Masedes, J Mollar and Russo, M Rebagliato},
  journal={Rev Pediatr Aten Primaria},
  volume={7},
  pages={593--617},
  year={2005}
}

@article{pizer1987adaptive,
  title={Adaptive histogram equalization and its variations},
  author={Pizer, Stephen M and Amburn, E Philip and Austin, John D and Cromartie, Robert and Geselowitz, Ari and Greer, Trey and ter Haar Romeny, Bart and Zimmerman, John B and Zuiderveld, Karel},
  journal={Computer vision, graphics, and image processing},
  volume={39},
  number={3},
  pages={355--368},
  year={1987},
  publisher={Elsevier}
}


@book{qiu2005image,
  title={Image processing and jump regression analysis},
  author={Qiu, Peihua},
  volume={599},
  year={2005},
  publisher={John Wiley \& Sons}
}

@inproceedings{cui2008edge,
  title={Edge feature extraction based on digital image processing techniques},
  author={Cui, F-Y and Zou, Li-jun and Song, Bei},
  booktitle={Automation and Logistics, 2008. ICAL 2008. IEEE International Conference on},
  pages={2320--2324},
  year={2008},
  organization={IEEE}
}

@article{alvarez2006preprocesamiento,
  title={PREPROCESAMIENTO DE IM{\'A}GENES APLICADAS A MAMOGRAF{\'I}AS DIGITALES},
  author={{\'A}LVAREZ, DAMI{\'A}N A and GUEVARA, MARTA L and HOLGU{\'I}N, GERM{\'A}N A},
  journal={Scientia et Technica},
  volume={2},
  number={31},
  year={2006}
}


@inproceedings{ledley1990fundamentals,
  title={Fundamentals of true-color image processing},
  author={Ledley, RS and Buas, M and Golab, TJ},
  booktitle={Pattern Recognition, 1990. Proceedings., 10th International Conference on},
  volume={1},
  pages={791--795},
  year={1990},
  organization={IEEE}
}


@inproceedings{bajon1986identification,
  title={Identification of multicoloured objects using a vision module},
  author={Bajon, J and Cattoen, M and Liang, L},
  booktitle={Proc. Sixth int. vonf. on robot vision and sensory controls},
  pages={21--30},
  year={1986}
}

@article{kender1976saturation,
  title={Saturation, heu, and normalized color: Calculation, digitization effects, and use},
  author={Kender, John R},
  journal={Interim Report Carnegie-Mellon Univ., Pittsburgh, PA. Dept. of Computer Science.},
  volume={1},
  year={1976}
}

@misc{gonzalesdigital,
  title={Digital image processing, 1993},
  author={Gonzales, Rafael C and Woods, Richard E},
  publisher={Addison-Wesley Publishing Company}
}

@article{shih1995reversibility,
  title={The reversibility of six geometric color spaces},
  author={Shih, Tian-Yuan},
  journal={Photogrammetric Engineering and Remote Sensing},
  volume={61},
  number={10},
  pages={1223--1232},
  year={1995},
  publisher={American Society for Photogrammetry and Remote Sensing}
}


@inproceedings{sinthanayothin2003automated,
  title={Automated screening system for diabetic retinopathy},
  author={Sinthanayothin, Chanjira and Kongbunkiat, Viravud and Phoojaruenchanachai, Suthee and Singalavanija, Apichart},
  booktitle={Image and Signal Processing and Analysis, 2003. ISPA 2003. Proceedings of the 3rd International Symposium on},
  volume={2},
  pages={915--920},
  year={2003},
  organization={IEEE}
}

@book{poynton1996technical,
  title={A technical introduction to digital video},
  author={Poynton, Charles A},
  year={1996},
  publisher={J. Wiley}
}

@book{ortiz2002procesamiento,
  title={Procesamiento morfol{\'o}gico de im{\'a}genes en color: aplicaci{\'o}n a la reconstrucci{\'o}n geod{\'e}sica},
  author={Ortiz Zamora, Francisco Gabriel},
  year={2002}
}

@article{fong9394vision,
  title={Vision loss among diabetics in a group model Health Maintenance Organization (HMO) Am J Ophthalmol. 2002; 133: 236--241. doi: 10.1016},
  author={Fong, DS and Sharza, M and Chen, W and Paschal, JF and Ariyasu, RG and Lee, PP},
  journal={S0002-9394 (01)},
  pages={01364--2}
}


@article{baez2008uso,
  title={Uso del sistema HSI para asignar falso color a objetos en im{\'a}genes digitales},
  author={B{\'a}ez Rojas, JJ and P{\'e}rez, Alonso},
  journal={Revista mexicana de f{\'\i}sica E},
  volume={54},
  number={2},
  pages={186--192},
  year={2008},
  publisher={Sociedad Mexicana de F{\'\i}sica}
}

@article{zimmerman1985effectiveness,
  title={The effectiveness of adaptive contrast enhancement (image, processing)},
  author={Zimmerman, John Burton},
  year={1985},
  publisher={The University of North Carolina at Chapel Hill}
}


@article{gonzalezdigital,
  title={Digital image processing using MATLAB.},
  author={Gonz{\'a}lez, Rafael C and Woods, Richard E and Eddins, Steven L and Holmes, BJ and Perera Ferrer, L Gonzalo and Thompson, Sim{\'o}n and Brennen, Christopher E and Pe{\~n}a, Daniel}
}
@article{burges1998tutorial,
  title={A tutorial on support vector machines for pattern recognition},
  author={Burges, Christopher JC},
  journal={Data mining and knowledge discovery},
  volume={2},
  number={2},
  pages={121--167},
  year={1998},
  publisher={Springer}
}

@article{Chen04grayscaleimage,
author = {Tongbo Chen and Yan Wang and Volker Schillings and Christoph Meinel},
    title = {Grayscale Image Matting And Colorization},
    booktitle = {IN PROCEEDINGS OF ASIAN CONFERENCE ON COMPUTER VISION (ACCV 2004},
    year = {2004},
    pages = {1164--1169},
    publisher = {}
} 
@article{american2008diagnosis,
  title={Diagnosis and classification of diabetes mellitus},
  author={American Diabetes Association and others},
  journal={Diabetes care},
  volume={31},
  number={Supplement 1},
  pages={S55--S60},
  year={2008},
  publisher={Am Diabetes Assoc}
}
@misc{gonzales2002digital,
  title={Digital Image Processing, 2-nd Edition},
  author={Gonzales, Rafael C and Woods, Richard E},
  year={2002},
  publisher={Prentice Hall}
}


@article{fadia,
 author = {{Shaya, FT., Aljawadi, M.}},
 title = {{Diabetic retinopathy}},
 journal = {Clin Ophthalmol},
 issue_date = {2007},
 volume = {1},
 number = {3},
 %month = jul,
 year = {2007},
 pages = {259--265}
 %numpages = {10},
 %url = {http://doi.acm.org/10.1145/1272516.1272520},
 %publisher = {ACM},
 %address = {New York, NY, USA}
} 


@book{seg1,
 author = {{Shapiro, LG., Stockman, GC.}}	,
 title = {{Computer Vision}},
 year = {2001},
  pages = {279--325},
 isbn = {0-13-030796-3},
 %edition = {2},
 publisher = {Prentice-Hall},
 address = {New Jersey}
}
@article{seg2,
 author = {{ Barghout, L., Lee, LW.}},
 title = {{Perceptual information processing system}},
 year = {2003}
}
@article{alfaro2000tratamiento,
  title={Tratamiento de la diabetes mellitus},
  author={Alfaro, J and Simal, A and Botella, F},
  journal={Inf Ter Sist Nac Salud},
  volume={24},
  number={2},
  pages={33--43},
  year={2000}
}
@article{wagner2001improving,
  title={Improving chronic illness care: translating evidence into action},
  author={Wagner, Edward H and Austin, Brian T and Davis, Connie and Hindmarsh, Mike and Schaefer, Judith and Bonomi, Amy},
  journal={Health affairs},
  volume={20},
  number={6},
  pages={64--78},
  year={2001},
  publisher={Health Affairs}
}
@article{ref1,
 author = {{Sopharak, A., Uyyanonvara, B., Barman, S.,  Williamson, TH.}},
 title = {{Automatic detection of diabetic retinopathy exudates from non-dilated retinal images using mathematical morphology methods}},
 journal = {Computerized Medical Imaging and Graphics},
 issue_date = {2008},
 volume = {32},
 number = {8},
 %month = jul,
 year = {2008},
 pages = {720--727}
 %numpages = {10},
 %url = {http://doi.acm.org/10.1145/1272516.1272520},
 %publisher = {ACM},
 %address = {New York, NY, USA}
} 
@inproceedings{platt1998machines,
  title={Machines using Sequential Minimal Optimization},
  author={Platt, John C},
  booktitle={Advances in kernel methods},
  %pages={185--208},
  year={1998},
  organization={MIT press}
}
@article{keerthi2001improvements,
  title={Improvements to Platt's SMO algorithm for SVM classifier design},
  author={Keerthi, S. Sathiya and Shevade, Shirish Krishnaj and Bhattacharyya, Chiranjib and Murthy, Karuturi Radha Krishna},
  journal={Neural Computation},
  volume={13},
  number={3},
  pages={637--649},
  year={2001},
  publisher={MIT Press}
}
@article{lee2004multicategory,
  title={Multicategory support vector machines: Theory and application to the classification of microarray data and satellite radiance data},
  author={Lee, Yoonkyung and Lin, Yi and Wahba, Grace},
  journal={Journal of the American Statistical Association},
  volume={99},
  number={465},
  pages={67--81},
  year={2004},
  publisher={Taylor \& Francis}
}

@techreport{guide,
author = {{Kuivalainen, M.}},
title = {{Retinal image analyzing machine vision}},
type = {Master's thesis},
institution = {},
year = {2005}
}

@article{Han,
 author = {{Hanđsková, V., Pavlovičova, J., Oravec, M, Blaško, R.}},
 title = {{Diabetic retinopathy screening by bright lesions extraction from fundus images}},
 journal = {Journal of Electrical Engineering},
 %issue_date = {2013},
 volume = {64},
 number = {5},
 year = {2013},
 pages = {311--316}
 %numpages = {10},
 %url = {http://doi.acm.org/10.1145/1272516.1272520},
 %publisher = {ACM},
 %address = {New York, NY, USA}
} 

@article{ref2,
  title={Automated identification of diabetic retinopathy stages using digital fundus images},
  author={Nayak, Jagadish and Bhat, P Subbanna and Acharya, Rajendra and Lim, CM and Kagathi, Manjunath},
  journal={Journal of medical systems},
  volume={32},
  number={2},
  pages={107--115},
  year={2008},
  publisher={Springer}
}

@article{ref3,
  title={Automatic detection of diabetic retinopathy in digital fundus photographs},
  author={Niemeijer, Meindert},
  year={2006},
  publisher={Utrecht University}
}

@incollection{ref4,
  title={Retinal spot lesion detection using adaptive multiscale morphological processing},
  author={Zhang, Xin and Fan, Guoliang},
  booktitle={Advances in Visual Computing},
  pages={490--501},
  year={2006},
  publisher={Springer}
}

@phdthesis{ref5,
  title={Automated identification of diabetic retinal exudates and the optic disc},
  author={Osareh, Alireza},
  year={2004},
  school={University of Bristol}
}

@incollection{ref6,
  title={Segmentation of color fundus images of the human retina: Detection of the optic disc and the vascular tree using morphological techniques},
  author={Walter, Thomas and Klein, Jean-Claude},
  booktitle={Medical Data Analysis},
  pages={282--287},
  year={2001},
  publisher={Springer}
}
 
@article{ref7,
  title={Automatic detection of hard exudates in diabetic retinopathy using morphological segmentation and fuzzy logic},
  author={Basha, S Saheb and Prasad, K Satya},
  journal={International Journal of Computer Science and Network Security},
  volume={8},
  number={12},
  pages={211--8},
  year={2008},
  publisher={IJCSNS}
}
@article{ref8,
  title={Diabetic Retinopathy-Early Detection Using Image Processing Techniques.},
  author={Kumari, V Vijaya and Narayanan, N Suriya},
  journal={International Journal on Computer Science \& Engineering},
  volume={2},
  number={2},
  year={2010}
}
@article{ref9,
  title={Automated diagnosis of retinal images using the Support Vector Machine (SVM)},
  author={Zohra, Berrichi Fatima and Mohamed, Benyettou},
  journal={Faculte des Science, Department of Informatique, USTO, Algerie},
  year={2009}
}
@article{cortes,
  title={Support-vector networks},
  author={Cortes, Corinna and Vapnik, Vladimir},
  journal={Machine learning},
  volume={20},
  number={3},
  pages={273--297},
  year={1995},
  publisher={Springer}
}

@inproceedings{clahe,
  title={Contrast limited adaptive histogram equalization},
  author={Zuiderveld, Karel},
  booktitle={Graphics gems IV},
  pages={474--485},
  year={1994},
  organization={Academic Press Professional, Inc.}
}

@book{agoston1979color,
  title={Color theory and its application in art and design},
  author={Agoston, G.A.},
  isbn={9783540096542},
  lccn={79022190},
  series={International Federation for Information Processing},
  url={http://books.google.com.py/books?id=FytRAAAAMAAJ},
  year={1979},
  publisher={Springer-Verlag}
}



@inproceedings{sun2006hsi,
  title={HSI color model based lane-marking detection},
  author={Sun, Tsung-Ying and Tsai, Shang-Jeng and Chan, Vincent},
  booktitle={Intelligent Transportation Systems Conference, 2006. ITSC'06. IEEE},
  pages={1168--1172},
  year={2006},
  organization={IEEE}
}

@article{bloch1995fuzzy,
  title={Fuzzy mathematical morphologies: a comparative study},
  author={Bloch, Isabelle and Ma{\^\i}tre, Henri},
  journal={Pattern recognition},
  volume={28},
  number={9},
  pages={1341--1387},
  year={1995},
  publisher={Elsevier}
}

@inproceedings{zhang2000new,
  title={A new method of color image segmentation based on intensity and hue clustering},
  author={Zhang, Chi and Wang, P},
  booktitle={Pattern Recognition, 2000. Proceedings. 15th International Conference on},
  volume={3},
  pages={613--616},
  year={2000},
  organization={IEEE}
}
@article{barria2011guia,
  title={Gu{\'\i}a practica cl{\'\i}nica de retinopat{\'\i}a diab{\'e}tica para Latinoam{\'e}rica},
  author={Barr{\'\i}a-von Bischhoffshausen, F and Mart{\'\i}nez-Castro, F},
  journal={Arlington, TX: Asociaci{\'o}n Panamericana de Oftalmolog{\'\i}a},
  pages={27},
  year={2011}
}

@article{veritticlose,
  title={Microaneurysms key in detecting diabetic retinopathy.},
  author={Veritti, Daniele}
}

@article{wild2004global,
  title={Global prevalence of diabetes: estimates for the year 2000 and projections for 2030 response to Rathman and Giani},
  author={Wild, Sarah H and Roglic, Gojka and Green, Anders and Sicree, Richard and King, Hilary},
  journal={Diabetes care},
  volume={27},
  number={10},
  pages={2569--2569},
  year={2004},
  publisher={Am Diabetes Assoc}
}
@article{cheng2001color,
  title={Color image segmentation: advances and prospects},
  author={Cheng, Heng-Da and Jiang, XH and Sun, Ying and Wang, Jingli},
  journal={Pattern recognition},
  volume={34},
  number={12},
  pages={2259--2281},
  year={2001},
  publisher={Elsevier}
}
@article{burgueno1995curvas,
  title={Las curvas ROC en la evaluaci{\'o}n de las pruebas diagn{\'o}sticas},
  author={Burgue{\~n}o, MJ and Garc{\'\i}a-Bastos, JL and Gonz{\'a}lez-Buitrago, JM},
  journal={Med Clin (Barc)},
  volume={104},
  number={17},
  pages={661--70},
  year={1995}
}
@book{jenicek1987epidemiologia,
  title={Epidemiolog{\'\i}a: principios, t{\'e}cnicas, aplicaciones},
  author={Jenicek, Milos and Cleroux, Robert},
  year={1987},
  publisher={Salvat editores}
}
@article{grau2008funciones,
  title={Funciones de riesgo en la prevenci{\'o}n primaria de las enfermedades cardiovasculares},
  author={Grau, Mar{\'\i}a and Marrugat, Jaume},
  journal={Revista Espa{\~n}ola de Cardiolog{\'\i}a},
  volume={61},
  number={4},
  pages={404--416},
  year={2008},
  publisher={Elsevier}
}
@article{almeida2009abdominal,
  title={Abdominal obesity and cardiovascular risk: performance of anthropometric indexes in women},
  author={Almeida, Rog{\'e}rio Tosta de and Almeida, Maura Maria Guimar{\~a}es de and Ara{\'u}jo, T{\^a}nia Maria},
  journal={Arquivos brasileiros de cardiologia},
  volume={92},
  number={5},
  pages={375--380},
  year={2009},
  publisher={SciELO Brasil}
}
@article{quiroga2004validacion,
  title={Validaci{\'o}n de un test de tamizaje para el diagn{\'o}stico de demencia asociada a edad, en Chile},
  author={Quiroga, Pilar and Albala, Cecilia and Klaasen, Gonzalo},
  journal={Revista m{\'e}dica de Chile},
  volume={132},
  number={4},
  pages={467--478},
  year={2004},
  publisher={SciELO Chile}
}
@inproceedings{kindberg1999supporting,
  title={Supporting the shared care of diabetic patients},
  author={Kindberg, Tim and Bryan-Kinns, Nick and Makwana, Ranjit},
  booktitle={Proceedings of the international ACM SIGGROUP conference on Supporting group work},
  pages={91--100},
  year={1999},
  organization={ACM}
}
@article{kleinfield2006diabetes,
  title={Diabetes and its awful toll quietly emerge as a crisis},
  author={Kleinfield, NR},
  journal={New York Times},
  volume={9},
  year={2006}
}
@article{lusted1971signal,
  title={Signal detectability and medical decision-making},
  author={Lusted, Lee B},
  journal={Science},
  volume={171},
  number={3977},
  pages={1217--1219},
  year={1971},
  publisher={American Association for the Advancement of Science}
}
@misc{barria2010guia,
  title={Gu{\'\i}a pr{\'a}ctica cl{\'\i}nica de retinopat{\'\i}a diab{\'e}tica para latinoam{\'e}rica},
  author={Barr{\'\i}a, Fernando and Castro, Francisco Mart{\'\i}nez},
  year={2010},
  publisher={Quer{\'e}tano, M{\'e}xico: Programa Visi{\'o}n}
}
@article{ommen2000clinical,
  title={Clinical utility of Doppler echocardiography and tissue Doppler imaging in the estimation of left ventricular filling pressures a comparative simultaneous Doppler-catheterization study},
  author={Ommen, SR and Nishimura, RA and Appleton, CP and Miller, FA and Oh, JK and Redfield, MM and Tajik, AJ},
  journal={Circulation},
  volume={102},
  number={15},
  pages={1788--1794},
  year={2000},
  publisher={Am Heart Assoc}
}
@article{lusted1971decision,
  title={Decision-making studies in patient management.},
  author={Lusted, Lee B},
  journal={The New England journal of medicine},
  volume={284},
  number={8},
  pages={416--424},
  year={1971}
}
@inproceedings{metz1978basic,
  title={Basic principles of ROC analysis},
  author={Metz, Charles E},
  booktitle={Seminars in nuclear medicine},
  volume={8},
  number={4},
  pages={283--298},
  year={1978},
  organization={Elsevier}
}
@article{mansour2013development,
  title={A Development of Computer-Aided Diagnosis Tools of vascular retinopathy using Fundus Images},
  author={Mansour, Asma and Malek, Jihene and Tourki, Rached},
  journal={Proceedings Engineering \& Technology-Vol},
  volume={1},
  pages={87--92},
  year={2013}
}
@article{fawcett2006introduction,
  title={An introduction to ROC analysis},
  author={Fawcett, Tom},
  journal={Pattern recognition letters},
  volume={27},
  number={8},
  pages={861--874},
  year={2006},
  publisher={Elsevier}
}
@article{alonso2002analisis,
  title={An{\'a}lisis de las curvas receiver-operating characteristic: un m{\'e}todo {\'u}til para evaluar procederes diagn{\'o}sticos},
  author={Alonso, Emma Dom{\'\i}nguez and Gonz{\'a}les-Su{\'a}rez, R},
  journal={Revista Cubana de Endocrinologi{\'a}},
  volume={13},
  pages={169--76},
  year={2002}
}
@article{pita2003pruebas,
  title={Pruebas diagn{\'o}sticas: sensibilidad y especificidad},
  author={Pita Fern{\'a}ndez, S and P{\'e}rtegas D{\'\i}az, S},
  journal={Cad Aten Primaria},
  volume={10},
  pages={120--4},
  year={2003}
}
@article{cerda2012uso,
  title={Uso de curvas ROC en investigaci{\'o}n cl{\'\i}nica: Aspectos te{\'o}rico-pr{\'a}cticos},
  author={Cerda, Jaime and Cifuentes, Lorena},
  journal={Revista chilena de infectolog{\'\i}a},
  volume={29},
  number={2},
  pages={138--141},
  year={2012},
  publisher={SciELO Chile}
}
@inproceedings{kim1996color,
+´`  title={Color image palette construction based on the HSI color system for minimizing the reconstruction error},
  author={Kim, Won-Soon and Park, Rae-Hong},
  booktitle={Image Processing, 1996. Proceedings., International Conference on},
  volume={3},
  pages={1041--1044},
  year={1996},
  organization={IEEE}
}

@inproceedings{rui1996automated,
  title={Automated region segmentation using attraction-based grouping in spatial-color-texture space},
  author={Rui, Yong and She, Alfred C and Huang, Thomas S},
  booktitle={Image Processing, 1996. Proceedings., International Conference on},
  volume={1},
  pages={53--56},
  year={1996},
  organization={IEEE}
}
